@book{2019Introducing,
  title={Introducing Visual Studio Code},
  author={ Johnson, B. },
  publisher={Visual Studio Code},
  year={2019},
}